3014 4976
36 1087 103 1114 ·--..
215 1014 302 1136 Cum
318 1055 412 1122 multi
434 1055 525 1139 eique
547 1055 725 1124 doctissimi
739 1055 801 1122 viri
815 1053 1002 1139 scripserint
1019 1058 1059 1122 de
1075 1057 1216 1124 Socratis

144 1180 298 1245 doctrina
315 1183 348 1242 et
369 1175 570 1260 philosophia
582 1193 715 1258 cumque
737 1175 792 1240 alii
813 1175 893 1240 alias
915 1181 1026 1258 partes
1048 1178 1213 1244 doctrinae

144 1293 231 1357 illius
265 1269 448 1373 philosophi*
476 1288 760 1370 pertractaverint:
798 1289 896 1353 miror
926 1289 1094 1368 nemiuem,
1129 1293 1214 1373 quod

147 1422 206 1484 ego
241 1401 356 1480 sciam,
394 1399 578 1466 accuratius
611 1398 856 1479 examinatam,
893 1401 971 1482 quid
1003 1401 1147 1467 docuerit
1182 1407 1215 1466 et

127 1508 131 1517 '
141 1514 336 1595 judicaverit
346 1513 443 1579 homo
454 1511 507 1578 ille
518 1511 722 1578 doctissimus
733 1511 932 1590 deamicitia,
944 1511 1213 1596 haudindignum,
1303 1589 1307 1598 ,

144 1631 182 1691 ut
206 1627 285 1692 mihi
311 1625 440 1720 quidem
469 1623 612 1704 videtur,
644 1624 729 1707 quod
756 1625 938 1690 accuratius
968 1630 1002 1690 et
1030 1624 1215 1708 diligentius

145 1743 333 1820 exponatur.
377 1739 490 1820 Itaque
523 1755 596 1802 eum
628 1755 785 1819 nusquam
818 1736 992 1803 invenerim
1022 1736 1084 1802 nisi
1112 1736 1216 1802 obiter

144 1854 285 1915 tractata
317 1848 469 1915 constitui
505 1847 645 1913 seribere
684 1827 731 1912 de'
762 1866 800 1912 ea
838 1867 873 1914 re
909 1839 1006 1930 paulo
1045 1848 1213 1930 copiosius.

143 1961 283 2026 Brandis
304 1960 446 2043 autem1)
465 1959 608 2041 judicat:
631 1957 720 2037 „Wie
732 1957 815 2030 ‚weit
837 1959 889 2024 die
910 1958 1130 2040 platonischen
1151 1960 1214 2038 Be-

145 2072 489 2155 griffshestimmungen
501 2071 605 2154 (sciet.
619 2068 698 2134 iiber
713 2069 1008 2136 dieFreundschaft
1021 2073 1089 2136 und
1102 2060 1213 2154 Liebe)

144 2203 206 2249 von
229 2182 377 2249 Socrates
398 2181 518 2248 bereits
541 2180 724 2262 singeleitet
743 2199 861 2260 waren,
889 2181 1016 2247 mdchte
1037 2183 1105 2249 sich
1126 2183 1214 2249 nicht

146 2293 351 2362 entseheiden
372 2294 510 2359 lassen.“
555 2291 616 2369 Qui
638 2310 829 2375 quamquam
851 2292 911 2357 tali
932 2293 1027 2358 modo
1045 2294 1213 2376 judicavit,

144 2409 254 2470 tamen
277 2403 460 2470 conabimur
480 2402 626 2478 omnibus
639 2391 736 2496 ¹rebus
752 2380 962 2469 consideratis
974 2405 1051 2486 quid
1067 2405 1215 2472 Socrates

18 2570 22 2574 .
115 2563 117 2572 .
146 2518 291 2584 docuerit
313 2517 492 2583 discernere
522 2522 555 2580 et
580 2507 784 2582 constituere.
829 2515 1008 2582 Mirabilem
1041 2522 1149 2583 autem
1181 2518 1214 2582 in

146 2632 276 2696 modum
287 2630 429 2712 plerique
440 2628 679 2696 hominesdocti
690 2628 840 2697 videntur
848 2629 1036 2708 consentire,
1049 2627 1214 2715 Socratem

116 2825 120 2832 .
145 2742 234 2807 haud
262 2741 350 2807 aliud
377 2739 569 2822 principium
597 2743 630 2803 et
655 2738 899 2805 fundamentum
928 2739 1088 2806 amicitiae
1115 2760 1214 2823 agno-

99 2881 102 2886 ·
145 2853 230 2918 visse
262 2853 324 2918 nisi
354 2851 432 2917 utile
465 2867 654 2932 semperque
686 2849 861 2916 amicitiam
896 2851 1037 2918 utilitate
1069 2869 1215 2918 mensum

145 2965 264 3048 esse2),
285 2983 350 3047 qua
372 2965 412 3029 de
435 2981 532 3029 cause
554 2961 594 3027 ab
617 2960 689 3028 aliis
711 2961 805 3027 nudis
832 2962 936 3028 verbis
962 2963 1002 3028 ab
1032 2962 1103 3028 aliis
1129 2967 1214 3028 tecte

143 3075 391 3159 reprehenditur
412 3079 445 3140 et
466 3074 679 3156 vituperatur,
702 3073 790 3138 velut
812 3073 1025 3158 aDissenioi)
1048 3075 1103 3157 qui
1123 3079 1214 3156 post-

56 3239 64 3244 .
145 3209 242 3274 quam
270 3188 357 3253 locos
378 3187 534 3269 quosdam
562 3175 588 3249 ‘e
614 3183 835 3266 Xenophontis
868 3184 957 3251 libris
991 3186 1213 3268 desumptost)

82 3421 88 3432 Ι
231 3359 256 3426 1)
274 3355 409 3425 Brendis,
440 3355 609 3412 Gesehichte
638 3354 688 3412 dor
714 3355 914 3427 hintwieldung
944 3355 994 3411 der
1020 3355 1215 3426 griechischen

145 3440 340 3513 Philosophia.
375 3441 401 3497 Ι.
419 3457 448 3510 p.
466 3443 526 3497 243.

230 3531 256 3599 ²)
274 3527 438 3597 Stallbaum,
457 3525 624 3597 Einleitung
640 3541 703 3582 zum
720 3527 804 3596 Lysis
823 3543 851 3596 p.
870 3529 913 3584 89.
1016 3517 1020 3526 ’
1245 3589 1248 3601 .

271 3612 391 3683 Koch1y‚
417 3612 539 3670 scudem.
566 3611 664 3669 Redeo
685 3613 742 3668 und
768 3613 921 3682 Vortrage.
958 3613 1010 3668 cfr.
1035 3627 1106 3668 neue
1131 3611 1213 3666 Jahr-

330 3699 436 3756 bdeher
448 3699 495 3754 fiir
506 3696 666 3768 Philologie
678 3697 734 3754 und
745 3697 937 3784 Paedagogik.
964 3697 1044 3754 Bend
1057 3699 1099 3753 79.
1110 3713 1139 3766 p.
1153 3697 1212 3752 561.

244 3787 248 3798 ’
274 3785 429 3854 Steinhert,
448 3783 615 3852 Einleitung
632 3799 695 3839 zum
711 3783 796 3852 Lysis
813 3783 843 3838 in
860 3783 911 3838 der
927 3783 1143 3852 Uebersetzung
1159 3797 1214 3837 von

330 3871 443 3926 Mdller.
479 3885 508 3939 p.
525 3869 586 3924 218.

273 3955 428 4026 Susamihl,
456 3954 502 4009 die
530 3953 693 4024 genetische
715 3953 927 4024 Entwicklung.
944 3953 994 4008 der
1021 3951 1213 4021 platonischen

329 4039 522 4110 Philosophia
558 4056 586 4108 p.
605 4041 647 4096 19.

231 4126 256 4194 ³)
273 4125 385 4197 Dissen,
405 4141 581 4198 programma
597 4126 632 4182 de
651 4125 827 4198 philosophia
844 4123 943 4180 morati
971 4123 1000 4177 in
1018 4121 1213 4192 Xenophontis

144 4211 179 4266 de
197 4211 313 4267 Socrate
331 4211 536 4268 commentariis
553 4211 668 4266 tradita.
697 4211 862 4281 Gottingae,
881 4209 958 4264 1812.
978 4224 1006 4276 p.
1018 4211 1059 4263 1⁶2.

114 4335 119 4346 ·
228 4297 254 4365 ⁴)
272 4295 402 4368 Xenoph.
421 4297 572 4356 Memorab.
591 4297 671 4352 Socr.
683 4296 724 4351 II.
743 4297 769 4366 4,
788 4297 864 4351 5-7.
882 4293 982 4353 ου’ὃινὸς
994 4296 1112 4346 λείπεται
