3014 4976
1207 409 1229 481 5

163 625 196 673 se
217 625 287 673 esse
309 606 482 688 petitorem
504 611 537 672 et
552 612 738 674 venatorem
754 610 974 693 amicoruml),
998 629 1099 694 neque
1122 616 1230 678 10111011

160 723 294 800 propter
316 737 431 801 eorpus
444 719 500 784 sed
514 724 646 801 propter
661 719 850 785 animumet
864 705 1026 804 ingenium
1037 724 1079 816 2).x
1095 722 1134 787 ld
1146 725 1229 788 enim

82 883 84 886 .
161 849 195 896 se
222 848 328 912 agere,
359 834 404 908 01,
439 835 593 912 quantum
627 831 744 912 possit,
780 829 952 913 discipulos
986 837 1082 916 atque
1110 834 1230 900 amicos

160 941 306 1007 meliores
328 946 362 1005 et
376 941 586 1023 sapientiores
601 942 768 1025 reddat³);
792 943 871 1008 nihil
886 963 944 1008 sua
957 944 1060 1026 pluris
1074 945 1229 1011 interesse

159 1073 254 1136 quam
277 1051 419 1118 excolere
442 1071 552 1117 eorum
575 1053 714 1135 ingenia,
744 1055 898 1136 prodesse
924 1054 970 1119 eis
997 1060 1031 1118 et
1051 1056 1229 1135 producere

156 1165 203 1228 ad
224 1163 386 1228 virtutem.
422 1165 569 1230 Amicum
591 1169 699 1228 autem
722 1161 865 1245 probum3
888 1163 1025 1243 fidelem,
1049 1170 1228 1245 spectatum

159 1274 260 1356 pluris
282 1280 390 1340 censet
411 1294 507 1356 quam
529 1277 635 1340 omnia
657 1276 720 1341 alia
741 1274 869 1356 boum).
906 1273 973 1340 Nec
996 1280 1103 1340 tamen
1118 1294 1228 1357 quem·

159 1385 237 1450 libet
261 1386 397 1451 amicum
429 1405 499 1451 esse
531 1405 638 1469 posse,
671 1401 744 1449 nam
771 1386 1038 1466 intemperantes,
1067 1385 1227 1468 prodigos,

159 1515 281 1575 avaros,
305 1496 385 1561 lucri
406 1497 549 1579 cupidos,
574 1496 752 1573 seditiosos,
776 1496 908 1579 aliisque
938 1495 1025 1561 vitiis
1051 1496 1228 1563 1000010100

157 1627 228 1673 0000
239 1607 417 1689 fugiendos
427 1607 599 1673 virtutibus
611 1606 780 1673 contrariis
794 1607 959 1688 praeditos
971 1607 1226 1691 conciliandosf‘)

156 1719 259 1784 Nemo
281 1718 365 1783 enim
388 1719 547 1784 sententia
562 1720 630 1800 ejus
643 1717 764 1782 amicus
779 1724 836 1782 001
846 1736 916 1782 esse
931 1723 988 1783 001
1002 1717 1072 1783 fieri
1087 1737 1227 1801 unquam
1270 1729 1273 1742 '

155 1835 266 1914 potest
287 1829 349 1902 nisi
370 1830 424 1912 qui
446 1830 576 1910 adjuvet
598 1828 745 1906 amicum,
769 1829 822 1911 qui
845 1829 921 1911 quid
936 1827 1033 1894 faciat
1055 1829 1176 1894 amicus
1199 1830 1228 1894 ei

155 1941 260 2024 possit
282 1939 459 2024 suadere,⁶)
482 1941 537 2024 qui
558 1939 634 2023 quid
656 1939 719 2021 ipsi
739 1939 825 2004 desit
847 1945 880 2004 et
895 1959 957 2022 qua
972 1959 1006 2004 re
1022 1939 1116 2003 alteri
1125 1941 1228 2022 possit

157 2069 347 2118 succurrere
358 2051 447 2116 sciat.
485 2051 553 2128 Quo
576 2050 669 2132 plura
681 2055 788 2115 autem
800 2049 884 2115 bona
898 2051 979 2115 alter
994 2050 1089 2114 alteri
1104 2049 1225 2129 afferat,

156 2184 219 2246 quo
230 2163 325 2246 plura
340 2162 492 2244 accipiat:
516 2179 552 2226 eo
567 2159 739 2227 firmiorem
755 2167 788 2226 et
803 2162 956 2242 majorem
972 2179 1041 2227 esse
1053 2161 1226 2226 amicitiam

158 2280 283 2353 censet3
312 2291 446 2356 eumque
475 2291 567 2338 nemo
589 2273 693 2354 possit
715 2290 829 2337 revera
850 2271 1003 2336 beneficia
1025 2271 1143 2337 inferre
1165 2264 1228 2338 nisi

155 2385 266 2463 bonus,
289 2385 446 2450 neminem
469 2383 606 2474 amicum
622 2401 692 2448 esse
713 2381 776 2448 nisi
801 2383 959 2466 bonum.⁷)
993 2381 1116 2448 Pravus
1131 2383 1225 2450 humo

154 2515 316 2579 nunquam
343 2495 480 2577 eligetur
507 2514 527 2558 0
548 2493 649 2575 probo
672 2498 705 2558 et
726 2493 809 2560 bono
836 2493 1002 2560 1110110110
1024 2513 1061 2558 eo
1084 2495 1223 2573 consilio,

155 2615 191 2672 01
214 2608 416 2689 corrigantur
438 2607 507 2687 ejus
528 2623 646 2682 1110100;
670 2606 755 2687 qued
784 2605 846 2670 0101
867 2604 935 2683 fiet,
966 2605 1129 2670 celerrime
1158 2606 1224 2672 dis-

151 2721 305 2802 jungatur
326 2717 468 2784 amicitia
489 2715 553 2782 illa.
589 2715 731 2782 Societas
752 2733 924 2798 pravorum
946 2717 997 2781 101
1018 2721 1226 2798 tyrannorum

155 2832 204 2896 vel
222 2831 470 2912 demagogorum
485 2827 535 2892 vel
546 2827 682 2892 aliorum
696 2847 759 2893 non
773 2833 882 2909 potest
901 2829 1059 2894 nominari
1074 2829 1224 2894 amicitia.

154 2945 200 3008 At
222 2942 341 3024 siquis
363 2941 497 3005 miretur
523 2940 609 3022 quod
635 2958 698 3004 non
727 2941 837 3004 omnes'
866 2937 941 3004 boui
970 2939 1226 3017 0011010101,01

154 3053 361 3136 cogitandum
392 3057 443 3118 est
472 3069 567 3133 saepe
595 3050 801 3115 ambitionem
828 3054 861 3115 et
890 3048 1098 3130 cupiditatem
1125 3051 1225 3116 inter·

153 3166 270 3232 cedere
292 3182 373 3245 quae
393 3162 493 3228 bonos
515 3162 632 3228 reddat
644 3161 885 3244 adversarios.⁸)
920 3160 989 3226 Tali
1008 3161 1102 3225 modo
1118 3168 1225 3228 autem

149 3272 718 3370 101110011100001110101101001101100
746 3290 828 3356 quae
858 3271 891 3337 in
917 3291 1041 3356 quaque
1063 3273 1225 3354 republica

153 3384 398 3453 inveniebantur
413 3389 514 3468 atque
530 3384 710 3451 efficiebant
731 3389 767 3449 ut
786 3382 837 3448 101
852 3383 964 3465 optimi
979 3390 1224 3467 segregarentur

155 4273 322 4329 111001άο001
339 4277 393 4328 etc.
