3014 4976
1175 369 1219 437 19

151 563 299 628 doctrina
319 563 495 644 Judicanda
528 562 571 628 sit
596 569 783 644 comparata
816 582 888 629 cum
914 566 1106 648 aequalibus.
1124 521 1221 652 atque

149 673 311 756 prioribus
332 673 539 755 philosophis.
572 673 674 738 Nemo
689 674 773 738 enim
789 674 997 758 philosophus
1010 680 1099 740 recte
1113 683 1221 758 potest

144 784 287 866 judicari
307 785 369 849 nisi
389 782 515 849 ratione
541 783 654 849 habita
682 784 783 850 totius
811 803 879 867 qua.
899 790 995 852 natus
1021 791 1072 851 est
1093 790 1220 867 aetatis,
1303 861 1305 871 1

149 901 333 977 temporum
350 895 606 976 praeteritorum,
629 913 739 960 eorum
749 895 914 960 hominum
925 916 1061 978 quorum
1076 897 1221 964 imitatur

149 1013 208 1071 601
248 1007 418 1087 impugnat
449 1006 650 1071 0601601160
706 1005 918 1072 Consentiunt
960 1010 1068 1072 autem
1110 1029 1221 1076 ornnes

151 1116 317 1184 Socratem
347 1117 486 1196 primum
519 1116 724 1202 devocavisse
756 1115 990 1199 philosophiam
1022 1119 1155 1184 acoelo
1188 1126 1221 1186 et

151 1227 354 1292 collocavisse
369 1226 402 1290 10
417 1225 550 1292 urbibus
564 1230 598 1292 et
618 1227 834 1292 introduxisse
855 1228 888 1292 in
903 1228 1016 1293 domos
1030 1232 1064 1293 et
1079 1230 1229 1310 coegisse

152 1340 194 1403 de
227 1338 293 1404 vita
325 1341 358 1401 et
393 1336 535 1403 moribus
565 1336 728 1419 rebusque
760 1336 852 1402 bonis
884 1342 917 1402 et
944 1338 1036 1402 malis
1057 1357 1219 1421 quaerere.

144 1435 243 1536 ,Quod
278 1466 471 1531 quamquam
503 1466 612 1513 verum
649 1452 716 1528 est,
760 1452 869 1512 tamen
904 1448 1000 1529 paulo
1037 1459 1111 1514 ante
1147 1469 1220 1517 eum

150 1559 341 1624 exstiterunt
361 1557 472 1640 quide
485 1558 606 1624 eisdem
620 1557 716 1624 rebus
731 1563 930 1640 quaererent,
953 1560 1125 1641 sophistae,
1141 1580 1220 1644 quos

149 1686 276 1734 summa
297 1667 470 1733 acerbitate
491 1669 685 1750 aggreditur·
702 1669 859 1734 Socrates.
904 1668 956 1733 Illi
977 1670 1062 1734 enim
1085 1670 1220 1737 Graecia

144 1780 216 1860 J'am
231 1778 434 1844 decrescente
444 1777 621 1844 existentes
632 1783 758 1844 tumore
773 1778 927 1844 orationis
941 1784 1039 1862 atque
1055 1781 1220 1848 doctrinae

149 1887 257 1954 omnia
269 1893 454 1969 pervertere
468 1895 651 1969 coeperrmt,
674 1908 756 1971 quae
770 1888 961 1956 uidebantur
975 1890 1063 1955 coelo
1077 1891 1220 1982 firmiora

148 2004 182 2064 et
203 2016 277 2093 aere
298 1999 488 2080 perenniora
508 2001 620 2084 esse.¹)
663 1999 734 2064 Non
757 1999 860 2064 solum
886 2001 1118 2067 contenderunt
1139 2004 1219 2070 nihil

147 2098 252 2189 posse
276 2109 438 2190 cognosci,
477 2111 535 2176 sed
570 2129 610 2176 06
648 2128 718 2176 6006
755 2111 884 2192 quidem
917 2111 1090 2193 quidquam
1123 2119 1219 2196 atque

148 2219 277 2283 etiamsi
292 2224 378 2284 esset
392 2239 455 2286 non
476 2239 571 2302 posse
587 2221 695 2286 doceri
713 2225 809 2302 atque
824 2220 897 2286 dici.
934 2221 1048 2304 Itaque
1062 2241 1218 2306 quemque

149 2329 256 2394 omnia
275 2347 368 2411 posse
390 2337 425 2395 61
446 2330 563 2397 debere
579 2327 743 2412 Judica're3
773 2331 903 2397 cuilibet
931 2331 1119 2397 facultatem
1149 2352 1219 2400 6006

148 2457 207 2503 006
227 2439 327 2522 ipsius
349 2441 473 2507 ratione
505 2441 614 2508 orbem
646 2446 805 2507 terrarum
827 2443 1052 2521 constituendi,
1086 2462 1220 2526 cumque

146 2549 225 2630 quid
245 2569 370 2630 verum,
400 2552 478 2632 quid
498 2552 614 2618 falsum
640 2558 742 2634 esset,
772 2570 865 2616 nemo
891 2555 1002 2636 posset
1027 2553 1217 2633 discernere,

143 2662 234 2742 ‚quod
254 2663 325 2743 0010
346 2664 556 2744 persuaderet
569 2664 665 2729 alteri
678 2682 790 2729 verum
813 2681 898 2742 6006;
922 2663 1093 2728 veritatem
1114 2665 1218 2747 ipsam

146 2788 218 2837 esse
231 2772 368 2852 nullam;
383 2773 542 2854 fraudare,
560 2774 718 2855 decipere,
734 2772 845 2838 fallere
856 2773 1011 2854 homines,
1024 2775 1218 2867 persuadere

146 2887 181 2948 et
212 2882 350 2948 blandiri
382 2885 429 2950 eis
460 2885 575 2967 optimi
606 2889 702 2966 atque
736 2882 935 2949 callidissimi
967 2901 1038 2949 esse
1070 2884 1217 2949 hominis.

147 2991 291 3074 Cumque
305 3000 401 3062 antea
415 2996 580 3062 civitatem
595 2995 710 3061 Graeci
725 2995 924 3060 censuissent
946 3014 966 3060 6
987 2995 1066 3060 Deis
1086 2996 1218 3060 institu-

146 3110 215 3169 tam
237 3123 316 3186 esse,
339 3113 376 3172 ut
397 3107 522 3190 legibus
542 3126 664 3190 parere,
688 3107 785 3173 saluti
800 3107 960 3172 communi
975 3106 1094 3171 servire
1108 3105 1218 3188 probi·

147 3217 225 3282 tatis
253 3222 351 3299 atque
376 3216 507 3298 pietatis
535 3223 638 3297 esset,
667 3217 781 3300 utqui
807 3236 870 3282 non
896 3222 1024 3300 pareret
1048 3216 1218 3298 ejiceretur

146 3331 204 3392 aut
226 3328 445 3405 mulctaretur,
467 3331 505 3392 ut
525 3327 613 3410 leges
628 3326 842 3408 sempiternae
856 3331 953 3411 atque
969 3326 1096 3394 divinae
1116 3326 1216 3392 habe·

145 3442 271 3502 rentur:
304 3442 375 3502 tum
409 3439 571 3520 sophistae
604 3443 778 3520 coeperunt
810 3439 924 3505 docere
945 3438 1044 3520 leges
1070 3438 1217 3520 inventas

147 3565 218 3614 esse
239 3549 278 3615 ab
300 3547 536 3628 infirmioribus,
571 3551 626 3633 qui
659 3569 731 3615 oum
763 3548 947 3615 hominibus
981 3548 1217 3632 potentioribus

147 3675 211 3722 non
232 3665 364 3749 possent
384 3659 550 3738 resistere,
572 3660 631 3725 tali
652 3660 747 3724 modo
769 3678 879 3725 eorum
900 3659 966 3724 vim
988 3665 1083 3744 atque
1104 3659 1216 3724 volun·

146 3775 249 3832 tatem
271 3775 416 3835 coercere
437 3775 534 3855 atque
556 3770 719 3837 continere
734 3771 919 3850 studerent;
942 3768 1147 3852 quamobrem
1162 3770 1233 3852 qui·

148 3897 203 3944 eas
224 3887 334 3962 posset
355 3882 526 3963 negligere,
550 3881 605 3964 qui
624 3880 757 3948 haberet
781 3881 968 3947 facultatem
996 3880 1075 3946 alios
1107 3881 1216 3963 oppri-

230 4173 265 4286 ¹¹)
283 4215 394 4292 Steger',
412 4221 585 4291 platonische
603 4221 732 4277 Studien.
766 4219 932 4277 lnnsbruch.
950 4218 991 4276 Π.
1003 4233 1032 4289 p.
1043 4218 1146 4274 3—12.
