3014 4976
1176 401 1219 472 13

152 611 307 672 enatura
328 606 468 671 numana
490 611 683 684 nascentem,
708 624 770 687 qua
792 623 885 670 nemo
900 606 986 670 solus
1008 603 1168 687 perfectus
1190 611 1222 670 et

149 718 264 784 beatus
297 721 405 800 potest
436 715 519 797 fieri;
553 722 689 799 utroque
722 715 868 795 efficitur,
903 721 940 780 ut
973 716 1016 799 ad
1037 713 1222 781 felicitatem

149 829 370 910 producantur
392 828 575 912 hominesl)
620 827 731 893 Multis
752 828 831 893 locis
853 827 886 891 id
908 831 964 892 aut
991 826 1094 908 planis
1116 825 1222 894 verbis

151 939 293 1014 declarat
314 939 408 1005 Plato
430 944 487 1004 aut
509 944 592 1004 tecte
615 939 773 1021 significat
796 937 883 1004 velut
905 938 937 1003 in
959 937 1048 1004 libris
1071 937 1125 1020 qui
1147 942 1221 1004 sunt

150 1053 190 1116 de
212 1050 402 1134 Republica;
437 1055 504 1116 tres
537 1050 620 1116 enim
651 1049 778 1115 ordines
800 1049 991 1132 reipublicae
1021 1053 1054 1113 et
1076 1048 1108 1113 in
1130 1069 1165 1114 se
1189 1056 1222 1114 et
1334 1049 1336 1059 '

150 1181 223 1228 cum
246 1162 316 1228 aliis
339 1162 541 1228 continentur
563 1161 717 1240 amicitia;
745 1160 887 1226 amicitia
916 1160 1041 1227 sublata
1063 1164 1133 1225 tota
1153 1179 1222 1226 res-

150 1273 278 1356 publica
299 1273 433 1350 deletur,
455 1272 691 1354 pessumdatur,
716 1271 907 1355 dilabitur.²)
944 1271 1032 1336 Haec
1051 1276 1157 1336 autem
1182 1272 1221 1336 de

151 1403 214 1467 qua
241 1384 339 1449 verba
360 1382 492 1451 fecimus
520 1382 662 1449 amicitia
690 1388 740 1448 est
768 1389 805 1448 ut
833 1383 880 1449 ita
908 1383 1011 1449 dicam
1035 1363 1151 1460 civiliS,
1180 1383 1222 1447 ad

150 1496 289 1562 humana
311 1514 440 1578 remque
462 1493 632 1577 publicam,
656 1493 841 1558 felicitatem
856 1498 1041 1559 terrestrem
1058 1498 1220 1575 spectans;

149 1608 252 1673 altera
273 1611 379 1672 autern
396 1604 538 1683 nobilior,
562 1607 664 1687 major
685 1610 735 1670 est
750 1601 968 1687 philosophica
983 1603 1126 1670 amicitia
1140 1623 1221 1688 quae

149 1718 257 1784 oriens
289 1719 372 1784 inter
403 1717 547 1782 homines
581 1716 756 1798 sapientiae
787 1716 948 1782 studiosos
981 1714 1088 1794 efficit,
1122 1721 1158 1780 ut
1180 1718 1222 1781 ad
1265 1709 1267 1714 ’

150 1829 267 1907 divina,
291 1830 333 1894 ad
355 1829 444 1894 ideas
466 1829 667 1894 adducantur
690 1832 723 1893 et
745 1827 906 1893 tollantur.
945 1825 1072 1904 Quanto
1094 1827 1221 1910 gravior

149 1946 258 2007 autem
287 1940 394 2005 anima
425 1945 476 2005 est
508 1959 650 2021 corpore,
685 1944 804 2022 quanto
836 1937 1049 2017 excellentior,
1076 1937 1220 2004 Platonis

149 2051 281 2135 quidem
314 2051 473 2132 opinione,
496 2049 705 2132 philosophus
743 2050 869 2117 homine
903 2049 988 2115 civili
1021 2054 1053 2114 et
1085 2049 1219 2132 vulgari,

150 2166 242 2227 tanto
264 2161 408 2243 superior
430 2161 571 2228 amicitia
593 2161 812 2244 philosophica
834 2161 994 2227 censenda
1022 2166 1072 2227 est
1096 2160 1221 2244 vulgari

148 2273 205 2337 illa
226 2277 259 2337 et
281 2271 373 2338 civili.
397 2310 438 2318 —
1309 2359 1312 2366 Ι

236 2384 323 2462 Quae
346 2403 417 2450 cum
438 2385 487 2449 ita
508 2382 581 2461 sint,
600 2385 667 2466 jam
690 2388 817 2465 oportet
837 2374 1039 2450 considerare
1062 2386 1219 2466 quomodo
1252 2421 1261 2437 ι

150 2495 309 2576 differant,
344 2496 502 2578 quomodo
535 2499 712 2576 congruant
743 2495 805 2560 iter
839 2513 873 2560 se
905 2513 986 2577 quae
1017 2495 1220 2560 tradiderunt

148 2607 326 2689 Xenophon
349 2611 444 2689 atque
465 2605 567 2672 Plato.
604 2607 651 2671 Ac
666 2606 804 2688 primum
824 2605 951 2688 quidem
975 2611 1108 2689 uterque
1124 2626 1220 2688 saepe

149 2718 316 2784 contendit
347 2737 409 2783 non
441 2737 536 2799 posse
569 2717 687 2782 amicos
706 2735 783 2782 esse
811 2715 873 2782 nisi
894 2715 1007 2795 bonos,
1038 2718 1138 2784 malos
1162 2737 1219 2784 nec

149 2827 212 2895 sibi
232 2847 291 2895 nec
312 2828 403 2894 bonis
425 2827 565 2896 amicitia
587 2827 745 2911 conjungi.
787 2828 868 2894 Boni
889 2833 997 2893 autem
1019 2829 1050 2894 ei
1070 2834 1144 2894 sunt
1165 2831 1220 2912 qui

149 2944 286 3005 naturae
322 2941 459 3023 quodam
496 2939 633 3024 impulsu
671 2939 713 3004 ad
744 2937 871 3018 bonum,
908 2939 951 3004 ad
982 2940 1145 3018 uirtutem,
1178 2941 1220 3005 ad

149 3053 388 3132 cognosendum
421 3057 455 3118 et
486 3050 666 3118 faciendum
700 3049 833 3129 bonum,
873 3055 1010 3129 rectum,
1050 3050 1219 3132 pulchrum

148 3163 317 3228 ducantur.

236 3273 360 3340 Deinde
383 3273 526 3356 quamvis
559 3272 653 3337 multi
686 3271 810 3338 crimini
842 3273 989 3339 dederint
1016 3273 1220 3356 Xenophonti

149 3383 238 3469 quod
259 3385 326 3452 sola
347 3384 488 3451 utilitate
510 3384 662 3449 metiatur
683 3383 875 3448 amicitiam:
899 3389 1006 3450 tamen
1028 3405 1091 3452 non
1110 3391 1219 3469 potest

149 3495 262 3578 negari
277 3515 469 3581 quamquam
491 3497 627 3562 amicum
639 3490 800 3584 χρήσιμον
815 3512 910 3577 saepe
926 3496 1021 3576 dicat,
1045 3498 1125 3563 alias
1140 3516 1218 3580 qao-

149 3625 211 3690 que
226 3612 319 3673 notas
335 3626 408 3673 eum
419 3607 583 3690 adjecisse,
606 3611 643 3670 ut
658 3611 872 3688 „temperans
888 3610 1105 3689 moderatus,“
1128 3608 1217 3688 alias,

149 3717 197 3784 ita
219 3723 255 3783 ut
277 3719 366 3786 utilis
393 3717 581 3786 vocabulum
613 3735 675 3783 non
706 3735 801 3784 sensu
828 3720 954 3801 stricto,
989 3721 1045 3788 sed
1077 3719 1143 3786 lato
1176 3720 1219 3786 sit

148 3951 354 3962 -n—n--n-—n

237 4034 261 4102 ¹)
278 4019 538 4103 Wehrenpfennig,
563 3990 608 4088 die
631 4032 885 4091 Verschiedcnheit
907 4033 957 4088 der
975 4033 1121 4092 ethischen
1138 4034 1216 4091 Priu-

149 4115 243 4187 cipien
260 4118 306 4174 bei
324 4119 378 4175 den
395 4119 536 4176 Hellenen
554 4123 606 4174 etc,
642 4119 741 4189 Progr.
759 4119 808 4176 des
825 4118 1008 4177 Joachimsth.
1028 4121 1125 4190 Gymu.
1144 4122 1217 4178 1854.

149 4219 175 4274 p·
195 4203 262 4360 142}
279 4291 450 4362 Respublica
468 4289 521 4350 IV.
539 4291 590 4349 442
608 4291 640 4348 O.
659 4293 709 4348 432
726 4291 764 4348 A.
