3014 4976
1147 329 1234 436 ’11

240 570 534 658 'Priusquamvero
546 571 588 634 ad
611 587 649 634 ea
660 574 862 634 transeamus
881 587 964 652 quae
975 569 1090 635 aliisin
1102 569 1238 652 dialogis

168 681 261 747 Plato
294 675 508 747 deamicitia
539 685 572 746 et
604 681 706 746 amico
738 679 863 758 docuit,
891 680 961 761 Jam
982 679 1078 746 liceat
1098 680 1239 746 breviter

169 810 326 874 exponere
357 791 435 876 quid
452 791 634 872 judicemus
666 792 706 856 de
739 790 896 858 nonnullis
928 790 1109 856 hominibus
1135 791 1239 856 doctis

170 903 225 987 qui
235 903 445 984 scripserunt
468 903 508 966 de
521 902 640 984 Lyside
656 901 787 985 ejusque
802 907 1002 984 argumento.
1039 903 1086 967 hc
1100 902 1238 983 primum

168 1015 297 1098 quidem
318 1013 412 1094 plene
426 1012 599 1080 refellimus
621 1013 749 1079 hstium
764 1018 797 1078 et
813 1013 985 1078 Secherum
1008 1013 1062 1096 qui
1077 1012 1238 1093 dialogum

168 1125 341 1208 genuinum
363 1141 433 1189 esse
454 1130 651 1205 negaverunt
673 1124 751 1190 nihil
783 1125 870 1189 aliud
897 1125 929 1195 in
951 1143 989 1190 eo
1012 1111 1239 1207 cognoscentes

168 1237 232 1304 nisi
263 1237 335 1315 „ein
367 1233 585 1316 trigerisches
608 1233 695 1317 Spiel
727 1235 787 1300 mit
815 1235 1004 1318 Sophismen
1031 1235 1125 1317 jeder
1145 1233 1239 1298 Art.“

170 1347 241 1412 Non
262 1345 488 1412 intellexemnt
502 1344 670 1410 Platonem
685 1345 856 1412 artificiose
871 1347 1068 1430 sophismata
1083 1345 1239 1428 quaedam

170 1458 201 1522 ei
221 1457 347 1539 dialogo
369 1455 541 1522 inseruisse
557 1457 599 1521 ad
613 1457 810 1523 illudendum
833 1461 866 1522 et
885 1458 1077 1524 irritandum
1092 1455 1239 1520 Menexe-

169 1585 247 1633 num
263 1568 510 1634 adolescentem.
543 1567 627 1644 Quid
641 1586 753 1633 revera
763 1568 958 1649 judicaverit
975 1568 1068 1632 Plato
1082 1551 1238 1634 nesciunt.

168 1679 318 1744 Profecto
339 1698 402 1744 non
424 1679 606 1760 negandum
618 1679 746 1744 uidetur
761 1678 927 1743 Platonem
948 1682 1093 1744 utentem
1108 1671 1240 1763 ἀγαθὸς

170 1796 205 1855 11
226 1788 322 1866 κακός
332 1789 438 1856 uerbis
453 1789 540 1854 haud
556 1805 681 1871 semper
697 1807 804 1855 secum
821 1808 1004 1872 congruere,
1021 1808 1091 1855 cum
1107 1783 1239 1873 ἀγαθὸς

169 1901 265 1966 modo
287 1918 381 1967 sensu
403 1899 518 1965 morali
538 1900 582 1965 sit
604 1901 738 1983 „justus
768 1901 898 1982 probus,
928 1902 1051 1979 doctus,
1080 1901 1239 1982 sapiens‚“

169 2013 266 2076 modo
298 2010 488 2094 „perlectus
521 2011 640 2077 nullius
672 2012 719 2076 rei
752 2031 858 2094 egens,
892 2015 1092 2077 contentus.“
1146 2010 1239 2088 Quod

94 2128 100 2140 '
170 2141 362 2206 quamquam
383 2139 493 2189 verum
516 2127 575 2201 est,
599 2128 707 2188 tamen
725 2124 758 2187 in
774 2122 919 2188 omnibus
933 2122 984 2188 his
999 2119 1239 2207 significationi·

169 2233 230 2298 hus
252 2251 347 2298 unam
368 2239 478 2299 notam
500 2235 604 2300 inesse
626 2251 718 2299 nemo
750 2239 800 2299 est
822 2233 877 2316 qui
897 2237 1003 2314 neget,
1036 2206 1239 2314 Platonisque

168 2345 253 2410 ratic
276 2345 335 2410 sibi
357 2344 518 2411 constabit
533 2347 705 2410 dummodo
728 2363 769 2410 ne
783 2342 1007 2409 obliviscamur
1029 2343 1180 2419 nondum,
1203 2345 1240 2406 ut

167 2455 385 2534 Aristotelem,
408 2457 507 2521 arctis
528 2454 644 2522 finibus
659 2455 826 2520 Platonem
848 2455 993 2520 notiones
1014 2451 1239 2518 vocabulomm

168 2566 457 2649 circumscripsisse
479 2570 575 2649 atque
598 2565 787 2644 definivisse,
803 2567 975 2649 praecipue
986 2565 1019 2630 in
1033 2564 1146 2646 primis
1161 2581 1240 2645 quos

168 2677 299 2759 scripsit
330 2677 476 2774 dialogis.
510 2711 551 2724 —
586 2677 650 2742 Sed
681 2677 789 2742 nescio
822 2696 863 2742 11
900 2677 935 2743 O.
967 2676 1004 2741 P.
1037 2676 1239 2740 Hermannus

168 2807 293 2871 quoque
315 2787 513 2854 aberraverit
534 2809 554 2853 a
575 2805 660 2866 vero,
678 2787 808 2870 ·quippe
841 2788 895 2872 qui
915 2787 995 2853 nihil
1017 2788 1104 2852 dicat
1125 2787 1239 2868 erponi

168 2899 230 2969 hoo
252 2917 349 2981 opere
371 2899 433 2965 nisi
447 2897 606 2981 obJectum
620 2897 838 2980 philosophiae
859 2898 880 2963 i.
897 2917 924 2963 e.
941 2917 1099 2964 summum
1110 2896 1238 2974 bonum,

167 3014 337 3092 praeterea
357 3010 540 3093 vituperare
562 3009 728 3075 Platonem
761 3026 815 3075 eos
847 3009 901 3092 qui
933 3008 1139 3090 neglegenter
1162 3023 1239 3089 poe-

169 3124 278 3184 tarum
310 3119 396 3187 locus
428 3125 461 3186 et
493 3123 580 3186 diota
612 3120 874 3202 philosophorum
906 3121 1049 3186 afferant.
1093 3102 1239 3201 Plerique

168 3235 279 3296 autem
301 3221 356 3297 alii
377 3232 522 3298 homines
544 3233 631 3298 docti
657 3231 736 3296 mihi
757 3231 907 3298 videntur
928 3231 1024 3314 paulo
1050 3230 1240 3296 arctioribus

167 3341 286 3408 finibus
319 3343 576 3423 circumscribere
606 3347 831 3424 argumentum
865 3342 992 3424 dialogi,
1027 3359 1098 3408 curn
1132 3342 1240 3407 dicant

169 3455 345 3520 amicitiam
380 3473 400 3520 1
433 3454 567 3521 Platone
599 3455 734 3521 tractari
770 3455 813 3518 ad
834 3454 1057 3520 illustrandam
1090 3458 1239 3518 naturam
1318 3487 1323 3494 ·

167 3565 388 3648 philosophiae
419 3565 505 3649 quod
537 3566 696 3631 nonnullis
728 3564 824 3631 rebus
857 3566 990 3631 mutatis
1024 3564 1238 3631 1181111111-

168 3677 335 3744 macherus
367 3682 401 3743 11
422 3677 624 3743 Hermannus
657 3682 691 3742 et
717 3677 926 3743 Susemihlius
956 3677 1152 3743 contendunt
1185 3677 1240 3758 qui

169 3788 257 3852 dicat
287 3788 319 3854 in
352 3789 433 3885 libro
465 3788 730 3855 excellentissimo
763 3808 834 3854 suo:
848 3790 872 3872 ¹)
905 3779 998 3868 ⁴„Die
1025 3786 1160 3854 Absieht
1182 3790 1238 3854 des

141 3881 300 3965 Ι(11111111
322 3900 376 3979 111,
399 3899 493 3966 Trieb
515 3900 581 3965 und
597 3900 804 3981 Gegenstand
826 3901 904 3964 oder
918 3899 1030 3966 Zweck
1052 3899 1110 3965 der
1131 3898 1238 3966 Philo-

170 4061 374 4074 ,..........-...........,

167 4247 183 4302 I
254 4160 353 4301 33111
372 4161 535 4232 genetische
553 4163 752 4232 Entwicldung
770 4163 820 4218 der
837 4162 1030 4232 platonisehen
1047 4163 1238 4232 Philosophia.

185 4289 190 4301 .
211 4262 236 4316 p.
291 4288 296 4300 .
